@book{LiesenMehrmann2015,
	author = {Liesen, Joerg and Mehrmann, Volker},
	year = {2015},
	title = {Linear algebra},
	edition = {1st ed. 2015},
	isbn = {978-3-319-24344-3},
	publisher = {Springer, Cham},
	address = {Springer International Publishing, Switzerland 2015},
	keywords = {book}
}

@book{ford2014numerical,
  title={Numerical linear algebra with applications: Using MATLAB},
  author={Ford, William},
  year={2014},
  publisher={Academic Press}
}

@book{Spencer1980,
	author = {Spencer, A. J. M.},
	year = {1980},
	title = {Continuum Mechanics},
	edition = {2004},
	isbn = {0-486-43594-6 (pbk.)},
	publisher = {Dover Publications, Inc.},
	address = {31 East 2nd Street, Mineola, N.Y. 11501},
	keywords = {book}
}

@book{bonet1997nonlinear,
  title={Nonlinear continuum mechanics for finite element analysis},
  author={Bonet, Javier and Wood, Richard D},
  year={1997},
  publisher={Cambridge university press}
}

@article{PhysRevB.80.132104,
  title = {Limits to Poisson's ratio in isotropic materials},
  author = {Mott, P. H. and Roland, C. M.},
  journal = {Phys. Rev. B},
  volume = {80},
  issue = {13},
  pages = {132104},
  numpages = {4},
  year = {2009},
  month = {Oct},
  publisher = {American Physical Society},
  doi = {10.1103/PhysRevB.80.132104},
  url = {https://link.aps.org/doi/10.1103/PhysRevB.80.132104}
}

@article{lakes1987foam,
  title={Foam structures with a negative Poisson's ratio},
  author={Lakes, Roderic},
  journal={Science},
  volume={235},
  pages={1038--1041},
  year={1987},
  publisher={American Association for the Advancement of Science}
}

@article{lakes1993advances,
  title={Advances in negative Poisson's ratio materials},
  author={Lakes, Roderic},
  journal={Advanced Materials},
  volume={5},
  number={4},
  pages={293--296},
  year={1993},
  publisher={Wiley Online Library}
}


@book{Knappen2009,
	author = {Knappen, Joerg},
	year = {2009},
	title = {Schnell ans Ziel mit LATEX 2e - },
	edition = {ueberarbeitete und erweiterte Auflage},
	isbn = {978-3-486-59015-9},
	publisher = {Oldenbourg Verlag},
	address = {Muenchen},
	keywords = {book}
}

@online{PEXELS2015,
	author  = {PEXELS},
	title   = {Black and white branches tree},
	urlseen = {2015-10-06},
	url     = {https://www.pexels.com/photo/black-and-white-branches-tree-high-279/},
	keywords = {image}
}

@online{STREAM2018,
	author  = {Pixar},
	title   = {Deformation Map},
	urlseen = {2018-04-10},
	url     = {https://dl.acm.org/ft_gateway.cfm?id=3180491&ftid=2009597},
	keywords = {image}
}

@article{mooney1940theory,
  title={A theory of large elastic deformation},
  author={Mooney, Melvin},
  journal={Journal of applied physics},
  volume={11},
  number={9},
  pages={582--592},
  year={1940},
  publisher={AIP}
}

@article{Smith:2018:SNF:3191713.3180491,
 author = {Smith, Breannan and Goes, Fernando De and Kim, Theodore},
 title = {Stable Neo-Hookean Flesh Simulation},
 journal = {ACM Trans. Graph.},
 issue_date = {July 2018},
 volume = {37},
 number = {2},
 month = mar,
 year = {2018},
 issn = {0730-0301},
 pages = {12:1--12:15},
 articleno = {12},
 numpages = {15},
 url = {http://doi.acm.org/10.1145/3180491},
 doi = {10.1145/3180491},
 acmid = {3180491},
 publisher = {ACM},
 address = {New York, NY, USA},
 keywords = {Physically-based simulation, elasticity}
} 

@article{rivlin1948large,
  title={Large elastic deformations of isotropic materials IV. Further developments of the general theory},
  author={Rivlin, RS},
  journal={Philosophical Transactions of the Royal Society of London. Series A, Mathematical and Physical Sciences},
  volume={241},
  number={835},
  pages={379--397},
  year={1948},
  publisher={The Royal Society London}
}

@misc{golub2012matrix,
  title={Matrix computations. Vol. 3},
  author={Golub Gene, H and Van Loan Charles, F},
  year={2012},
  publisher={JHU Press}
}